<?xml version="1.0" encoding="UTF-8"?><record xmlns="http://www.loc.gov/MARC21/slim" xmlns:cinclude="http://apache.org/cocoon/include/1.0" xmlns:zs="http://www.loc.gov/zing/srw/">
  <leader>00368cz  a2200121n  4500</leader>
  <controlfield tag="001">n  79146558 </controlfield>
  <controlfield tag="003">DLC</controlfield>
  <controlfield tag="005">20141208084938.0</controlfield>
  <controlfield tag="008">791219n| azannaab           |n aaa      </controlfield>
  <datafield tag="010" ind1=" " ind2=" ">
    <subfield code="a">n  79146558 </subfield>
  </datafield>
  <datafield tag="040" ind1=" " ind2=" ">
    <subfield code="a">DLC</subfield>
    <subfield code="b">eng</subfield>
    <subfield code="e">rda</subfield>
    <subfield code="c">DLC</subfield>
    <subfield code="d">DLC</subfield>
  </datafield>
  <datafield tag="100" ind1="1" ind2=" ">
    <subfield code="a">Mintah, N. D.</subfield>
  </datafield>
  <datafield tag="670" ind1=" " ind2=" ">
    <subfield code="a">Ghana. Univ., Legon. Inst. of Af. Studies. Bibliography of history ... 1977 (a.e.)</subfield>
    <subfield code="b">t.p. (N. D. Mintah)</subfield>
  </datafield>
</record>